<marc:record xmlns:marc="http://www.loc.gov/MARC21/slim"
>
    <marc:leader>ntm 2200000uu 4500</marc:leader>
    <marc:controlfield tag="001">obj31589719
    </marc:controlfield>
    <marc:datafield tag="856" ind1="4" ind2="2">
        <marc:subfield code="3">Handschriftenkatalog</marc:subfield>
        <marc:subfield code="u">http://www.manuscripta-mediaevalia.de/dokumente/html/obj31589719
        </marc:subfield>
    </marc:datafield>
    <marc:controlfield tag="007">cr uuu---uuuuu</marc:controlfield>
    <marc:controlfield tag="008">||||||s2017|||||||||||||||||||||||||||||</marc:controlfield>
    <marc:datafield tag="912" ind1="" ind2="">
        <marc:subfield code="a">Andere Buchhandschriften</marc:subfield>
    </marc:datafield>
    <marc:datafield tag="024" ind1="7" ind2="">
        <marc:subfield>
            <marc:subfield code="a">urn:nbn:de:bsz:15-0012-151260</marc:subfield>
            <marc:subfield code="2">urn</marc:subfield>
        </marc:subfield>
    </marc:datafield>
    <marc:datafield tag="856" ind1="4" ind2="0">
        <marc:subfield code="u">http://nbn-resolving.de/urn:nbn:de:bsz:15-0012-151260</marc:subfield>
        <marc:subfield code="x">Digitalisierung</marc:subfield>
        <marc:subfield code="y">Online-Zugriff</marc:subfield>
    </marc:datafield>
    <marc:datafield tag="245" ind1="1" ind2="0">
        <marc:subfield code="a">Leipzig, Universitätsbibliothek Leipzig, Fragm. lat. 655b</marc:subfield>
    </marc:datafield>
    <marc:datafield tag="852" ind1="" ind2="">
        <marc:subfield code="a">Leipzig</marc:subfield>
    </marc:datafield>
    <marc:datafield tag="852" ind1="" ind2="">
        <marc:subfield code="a">DE-15</marc:subfield>
    </marc:datafield>
    <marc:datafield tag="852" ind1="8" ind2="1">
        <marc:subfield code="h">Fragm. lat. 655b</marc:subfield>
        <marc:subfield code="3">Signatur</marc:subfield>
    </marc:datafield>
    <marc:datafield tag="655" ind1="" ind2="7">
        <marc:subfield code="a">Fragment</marc:subfield>
    </marc:datafield>
    <marc:datafield tag="340" ind1="" ind2="">
        <marc:subfield code="a">Pergament</marc:subfield>
    </marc:datafield>
    <marc:datafield tag="300" ind1="" ind2="">
        <marc:subfield code="a">4 Streifen</marc:subfield>
    </marc:datafield>
    <marc:datafield tag="300" ind1="" ind2="">
        <marc:subfield code="c">[nicht angegeben]</marc:subfield>
    </marc:datafield>
    <marc:datafield tag="546" ind1="" ind2="">
        <marc:subfield code="a">lateinisch</marc:subfield>
    </marc:datafield>
    <marc:datafield tag="505" ind1="0" ind2="">
        <marc:subfield code="a">Lateinischer Text, nicht bestimmt -- Farbkeil</marc:subfield>
    </marc:datafield>
    <marc:datafield tag="250" ind1="" ind2="">
        <marc:subfield code="a">Online-Ressource</marc:subfield>
    </marc:datafield>
    <marc:datafield tag="264" ind1="" ind2="1">
        <marc:subfield code="a">[Leipzig]</marc:subfield>
        <marc:subfield code="b">[Universitätsbibliothek Leipzig]</marc:subfield>
        <marc:subfield code="c">2017</marc:subfield>
    </marc:datafield>
    <marc:datafield tag="336" ind1="" ind2="">
        <marc:subfield code="a">Text</marc:subfield>
        <marc:subfield code="b">txt</marc:subfield>
        <marc:subfield code="2">rdacontent</marc:subfield>
    </marc:datafield>
    <marc:datafield tag="337" ind1="" ind2="">
        <marc:subfield code="a">Computermedien</marc:subfield>
        <marc:subfield code="b">c</marc:subfield>
        <marc:subfield code="2">rdamedia</marc:subfield>
    </marc:datafield>
    <marc:datafield tag="338" ind1="" ind2="">
        <marc:subfield code="a">Online-Ressource</marc:subfield>
        <marc:subfield code="b">cr</marc:subfield>
        <marc:subfield code="2">rdacarrier</marc:subfield>
    </marc:datafield>
</marc:record>
